[gd_scene load_steps=49 format=3 uid="uid://6iexmjqn4ab7"]

[ext_resource type="Script" path="res://Pages (Scenes and Code)/Match/SceneToState/Ant/AntModelController.cs" id="1_5gxq2"]
[ext_resource type="Script" path="res://Pages (Scenes and Code)/Match/SceneToState/Ant/Foot.cs" id="2_73e77"]
[ext_resource type="Script" path="res://Pages (Scenes and Code)/Match/SceneToState/Ant/BodySegment.cs" id="3_26ymu"]
[ext_resource type="Script" path="res://Pages (Scenes and Code)/Match/SceneToState/Ant/KneeToFloor.cs" id="3_66lnf"]
[ext_resource type="Script" path="res://Pages (Scenes and Code)/Match/SceneToState/Ant/KneeToBody.cs" id="4_0hgsj"]
[ext_resource type="Script" path="res://Pages (Scenes and Code)/Match/SceneToState/Ant/ModelPoint.cs" id="4_khym6"]

[sub_resource type="StandardMaterial3D" id="StandardMaterial3D_5c3d7"]
albedo_color = Color(0.752941, 0.176471, 0.52549, 1)

[sub_resource type="SphereMesh" id="SphereMesh_lxucx"]
material = SubResource("StandardMaterial3D_5c3d7")

[sub_resource type="SphereMesh" id="SphereMesh_kbbfo"]

[sub_resource type="SphereMesh" id="SphereMesh_6886e"]

[sub_resource type="SphereMesh" id="SphereMesh_ti70j"]

[sub_resource type="SphereMesh" id="SphereMesh_rghsw"]

[sub_resource type="StandardMaterial3D" id="StandardMaterial3D_i46dk"]
albedo_color = Color(0.223529, 0.494118, 0.560784, 1)

[sub_resource type="SphereMesh" id="SphereMesh_w7ocf"]
material = SubResource("StandardMaterial3D_i46dk")

[sub_resource type="SphereMesh" id="SphereMesh_eqqp7"]

[sub_resource type="SphereMesh" id="SphereMesh_x6hau"]

[sub_resource type="SphereMesh" id="SphereMesh_pemyn"]

[sub_resource type="SphereMesh" id="SphereMesh_8v632"]

[sub_resource type="StandardMaterial3D" id="StandardMaterial3D_qnib1"]
albedo_color = Color(0.901961, 0.580392, 0.780392, 1)

[sub_resource type="BoxMesh" id="BoxMesh_cegrs"]
material = SubResource("StandardMaterial3D_qnib1")

[sub_resource type="StandardMaterial3D" id="StandardMaterial3D_2u0ag"]
albedo_color = Color(0.713726, 0.286275, 0.576471, 1)

[sub_resource type="BoxMesh" id="BoxMesh_bdxir"]
material = SubResource("StandardMaterial3D_2u0ag")

[sub_resource type="StandardMaterial3D" id="StandardMaterial3D_86hbu"]
albedo_color = Color(0.737255, 0.309804, 0.384314, 1)

[sub_resource type="BoxMesh" id="BoxMesh_ehlex"]
material = SubResource("StandardMaterial3D_86hbu")

[sub_resource type="StandardMaterial3D" id="StandardMaterial3D_qamw5"]
albedo_color = Color(0.917647, 0.576471, 0.615686, 1)

[sub_resource type="BoxMesh" id="BoxMesh_f53dn"]
material = SubResource("StandardMaterial3D_qamw5")

[sub_resource type="StandardMaterial3D" id="StandardMaterial3D_l0s1m"]
albedo_color = Color(0.709804, 0.356863, 0.247059, 1)

[sub_resource type="BoxMesh" id="BoxMesh_nkvwg"]
material = SubResource("StandardMaterial3D_l0s1m")

[sub_resource type="StandardMaterial3D" id="StandardMaterial3D_fetoa"]
albedo_color = Color(0.933333, 0.662745, 0.576471, 1)

[sub_resource type="BoxMesh" id="BoxMesh_qqygh"]
material = SubResource("StandardMaterial3D_fetoa")

[sub_resource type="ORMMaterial3D" id="ORMMaterial3D_e1k5h"]
albedo_color = Color(0.247059, 0.501961, 0.356863, 1)

[sub_resource type="BoxMesh" id="BoxMesh_spelt"]
material = SubResource("ORMMaterial3D_e1k5h")

[sub_resource type="StandardMaterial3D" id="StandardMaterial3D_1nkmm"]
albedo_color = Color(0.439216, 0.784314, 0.584314, 1)

[sub_resource type="BoxMesh" id="BoxMesh_mbb8o"]
material = SubResource("StandardMaterial3D_1nkmm")

[sub_resource type="StandardMaterial3D" id="StandardMaterial3D_5dgw4"]
albedo_color = Color(0.203922, 0.494118, 0.486275, 1)

[sub_resource type="BoxMesh" id="BoxMesh_p82m0"]
material = SubResource("StandardMaterial3D_5dgw4")

[sub_resource type="StandardMaterial3D" id="StandardMaterial3D_68x1s"]
albedo_color = Color(0.396078, 0.788235, 0.776471, 1)

[sub_resource type="BoxMesh" id="BoxMesh_u4byl"]
material = SubResource("StandardMaterial3D_68x1s")

[sub_resource type="StandardMaterial3D" id="StandardMaterial3D_u7mei"]
albedo_color = Color(0.196078, 0.482353, 0.560784, 1)

[sub_resource type="BoxMesh" id="BoxMesh_u05rr"]
material = SubResource("StandardMaterial3D_u7mei")

[sub_resource type="StandardMaterial3D" id="StandardMaterial3D_nrtpl"]
albedo_color = Color(0.431373, 0.780392, 0.882353, 1)

[sub_resource type="BoxMesh" id="BoxMesh_4w3e2"]
material = SubResource("StandardMaterial3D_nrtpl")

[sub_resource type="StandardMaterial3D" id="StandardMaterial3D_jctle"]
albedo_color = Color(0.494118, 0.458824, 0.164706, 1)

[sub_resource type="SphereMesh" id="SphereMesh_w08g4"]
material = SubResource("StandardMaterial3D_jctle")

[sub_resource type="SphereMesh" id="SphereMesh_7x3cm"]

[sub_resource type="SphereMesh" id="SphereMesh_0ri1m"]

[sub_resource type="SphereMesh" id="SphereMesh_u7hhd"]

[sub_resource type="SphereMesh" id="SphereMesh_un7l3"]

[node name="Node3D" type="Node3D"]
transform = Transform3D(1, 0, 0, 0, 1, 0, 0, 0, 1, 0, 0, 15)
script = ExtResource("1_5gxq2")

[node name="Segment1" type="MeshInstance3D" parent="."]
transform = Transform3D(10, 0, 0, 0, 10, 0, 0, 0, 10, 12.1048, 0.205069, 0)
rotation_order = 0
mesh = SubResource("SphereMesh_lxucx")
script = ExtResource("3_26ymu")

[node name="Node3D" type="MeshInstance3D" parent="Segment1"]
transform = Transform3D(0.2, 0, 0, 0, 0.2, 0, 0, 0, 0.2, 0, 0.637013, 0)
rotation_order = 0
mesh = SubResource("SphereMesh_kbbfo")
script = ExtResource("4_khym6")

[node name="Node3D2" type="MeshInstance3D" parent="Segment1"]
transform = Transform3D(0.2, 0, 0, 0, 0.2, 0, 0, 0, 0.2, 0.615638, -0.0391627, 0)
rotation_order = 0
mesh = SubResource("SphereMesh_6886e")
script = ExtResource("4_khym6")

[node name="Node3D3" type="MeshInstance3D" parent="Segment1"]
transform = Transform3D(0.2, 0, 0, 0, 0.2, 0, 0, 0, 0.2, -0.0486202, -0.584398, 0)
rotation_order = 0
mesh = SubResource("SphereMesh_ti70j")
script = ExtResource("4_khym6")

[node name="Node3D4" type="MeshInstance3D" parent="Segment1"]
transform = Transform3D(0.2, 0, 0, 0, 0.2, 0, 0, 0, 0.2, -0.565287, -0.0856103, 0)
rotation_order = 0
mesh = SubResource("SphereMesh_rghsw")
script = ExtResource("4_khym6")

[node name="Segment2" type="MeshInstance3D" parent="."]
transform = Transform3D(10, 0, 0, 0, 10, 0, 0, 0, 10, 0, 0, 0)
rotation_order = 0
mesh = SubResource("SphereMesh_w7ocf")
script = ExtResource("3_26ymu")

[node name="Node3D" type="MeshInstance3D" parent="Segment2"]
transform = Transform3D(0.2, 0, 0, 0, 0.2, 0, 0, 0, 0.2, 0, 0.479526, 0)
rotation_order = 0
mesh = SubResource("SphereMesh_eqqp7")
script = ExtResource("4_khym6")

[node name="Node3D2" type="MeshInstance3D" parent="Segment2"]
transform = Transform3D(0.2, 0, 0, 0, 0.2, 0, 0, 0, 0.2, 0.506104, -0.0391627, 0)
rotation_order = 0
mesh = SubResource("SphereMesh_x6hau")
script = ExtResource("4_khym6")

[node name="Node3D3" type="MeshInstance3D" parent="Segment2"]
transform = Transform3D(0.2, 0, 0, 0, 0.2, 0, 0, 0, 0.2, -0.04862, -0.558485, 0)
rotation_order = 0
mesh = SubResource("SphereMesh_pemyn")
script = ExtResource("4_khym6")

[node name="Node3D4" type="MeshInstance3D" parent="Segment2"]
transform = Transform3D(0.2, 0, 0, 0, 0.2, 0, 0, 0, 0.2, -0.565287, -0.0856103, 0)
rotation_order = 0
mesh = SubResource("SphereMesh_8v632")
script = ExtResource("4_khym6")

[node name="Foot" type="Node3D" parent="Segment2"]
transform = Transform3D(0.1, 0, 0, 0, 0.1, 0, 0, 0, 0.1, 0.324783, -0.421625, 0)
script = ExtResource("2_73e77")

[node name="KneeToFloor" type="MeshInstance3D" parent="Segment2/Foot"]
transform = Transform3D(1, 0, 0, 0, 1, 0, 0, 0, 1, 10.202, -12.304, -15)
mesh = SubResource("BoxMesh_cegrs")
script = ExtResource("3_66lnf")

[node name="KneeToBody" type="MeshInstance3D" parent="Segment2/Foot"]
mesh = SubResource("BoxMesh_bdxir")
script = ExtResource("4_0hgsj")

[node name="Foot2" type="Node3D" parent="Segment2"]
transform = Transform3D(0.1, 0, 0, 0, 0.1, 3.55271e-16, 0, -3.55271e-16, 0.1, -0.0510365, -0.516527, 0)
script = ExtResource("2_73e77")

[node name="KneeToBody" type="MeshInstance3D" parent="Segment2/Foot2"]
mesh = SubResource("BoxMesh_ehlex")
script = ExtResource("4_0hgsj")

[node name="KneeToFloor" type="MeshInstance3D" parent="Segment2/Foot2"]
transform = Transform3D(1, 0, 0, 0, 1, 0, 0, 0, 1, 0.205, -15.842, -15)
mesh = SubResource("BoxMesh_f53dn")
script = ExtResource("3_66lnf")

[node name="Foot3" type="Node3D" parent="Segment2"]
transform = Transform3D(0.1, 0, 0, 0, 0.1, 3.55271e-16, 0, -3.55271e-16, 0.1, -0.353147, -0.418056, 0)
script = ExtResource("2_73e77")

[node name="KneeToBody" type="MeshInstance3D" parent="Segment2/Foot3"]
mesh = SubResource("BoxMesh_nkvwg")
script = ExtResource("4_0hgsj")

[node name="KneeToFloor" type="MeshInstance3D" parent="Segment2/Foot3"]
transform = Transform3D(1, 0, 0, 0, 1, 0, 0, 0, 1, -9.279, -12.919, -15)
mesh = SubResource("BoxMesh_qqygh")
script = ExtResource("3_66lnf")

[node name="Foot4" type="Node3D" parent="Segment2"]
transform = Transform3D(0.1, 0, 0, 0, 0.1, 3.55271e-16, 0, -3.55271e-16, 0.1, -0.399071, 0.284052, 0)
script = ExtResource("2_73e77")

[node name="KneeToBody" type="MeshInstance3D" parent="Segment2/Foot4"]
mesh = SubResource("BoxMesh_spelt")
script = ExtResource("4_0hgsj")

[node name="KneeToFloor" type="MeshInstance3D" parent="Segment2/Foot4"]
transform = Transform3D(1, 0, 0, 0, 1, 0, 0, 0, 1, -8.715, 13.329, -15)
mesh = SubResource("BoxMesh_mbb8o")
script = ExtResource("3_66lnf")

[node name="Foot5" type="Node3D" parent="Segment2"]
transform = Transform3D(0.1, 0, 0, 0, 0.1, 3.55271e-16, 0, -3.55271e-16, 0.1, 0.00225356, 0.595871, 2.38419e-07)
script = ExtResource("2_73e77")

[node name="KneeToBody" type="MeshInstance3D" parent="Segment2/Foot5"]
mesh = SubResource("BoxMesh_p82m0")
script = ExtResource("4_0hgsj")

[node name="KneeToFloor" type="MeshInstance3D" parent="Segment2/Foot5"]
transform = Transform3D(1, 0, 0, 0, 1, 0, 0, 0, 1, -0.82, 13.535, -15)
mesh = SubResource("BoxMesh_u4byl")
script = ExtResource("3_66lnf")

[node name="Foot6" type="Node3D" parent="Segment2"]
transform = Transform3D(0.1, 0, 0, 0, 0.1, 3.55271e-16, 0, -3.55271e-16, 0.1, 0.455401, 0.289023, 3.57628e-07)
script = ExtResource("2_73e77")

[node name="KneeToBody" type="MeshInstance3D" parent="Segment2/Foot6"]
mesh = SubResource("BoxMesh_u05rr")
script = ExtResource("4_0hgsj")

[node name="KneeToFloor" type="MeshInstance3D" parent="Segment2/Foot6"]
transform = Transform3D(1, 0, 0, 0, 1, 0, 0, 0, 1, 7.331, 12.355, -15)
mesh = SubResource("BoxMesh_4w3e2")
script = ExtResource("3_66lnf")

[node name="Segment3" type="MeshInstance3D" parent="."]
transform = Transform3D(10, 0, 0, 0, 10, 0, 0, 0, 10, -11.4896, -0.256337, 0)
rotation_order = 0
mesh = SubResource("SphereMesh_w08g4")
script = ExtResource("3_26ymu")

[node name="Node3D" type="MeshInstance3D" parent="Segment3"]
transform = Transform3D(0.2, 0, 0, 0, 0.2, 0, 0, 0, 0.2, 0, 0.479526, 0)
rotation_order = 0
mesh = SubResource("SphereMesh_7x3cm")
script = ExtResource("4_khym6")

[node name="Node3D2" type="MeshInstance3D" parent="Segment3"]
transform = Transform3D(0.2, 0, 0, 0, 0.2, 0, 0, 0, 0.2, 0.506104, -0.0391627, 0)
rotation_order = 0
mesh = SubResource("SphereMesh_0ri1m")
script = ExtResource("4_khym6")

[node name="Node3D3" type="MeshInstance3D" parent="Segment3"]
transform = Transform3D(0.2, 0, 0, 0, 0.2, 0, 0, 0, 0.2, -0.04862, -0.558485, 0)
rotation_order = 0
mesh = SubResource("SphereMesh_u7hhd")
script = ExtResource("4_khym6")

[node name="Node3D4" type="MeshInstance3D" parent="Segment3"]
transform = Transform3D(0.2, 0, 0, 0, 0.2, 0, 0, 0, 0.2, -0.565287, -0.0856103, 0)
rotation_order = 0
mesh = SubResource("SphereMesh_un7l3")
script = ExtResource("4_khym6")
